@string{UNKNOWN = "???"}

@string{JAN =	 "Jan."}
@string{FEB =	 "Feb."}
@string{MAR =	 "Mar."}
@string{APR =	 "Apr."}
@string{MAY =	 "May"}
@string{JUN =	 "June"}
@string{JUL =	 "July"}
@string{AUG =	 "Aug."}
@string{SEP =	 "Sept."}
@string{OCT =	 "Oct."}
@string{NOV =	 "Nov."}
@string{DEC =	 "Dec."}

@string{ACHA =	 "Applied and Computational Harmonic Analysis"}
@string{AO=		"Applied Optics"}
@string{AP =	 "Acta Psychologica"}
@string{APS =	 "Acta Physiologica Scandinavica"}
@string{ARN =	 "Annual Review of Neuroscience"}
@string{AMT=	"Atmospheric Measurement Techniques"}
@string{BC =	 "Biological Cybernetics"}
@string{BTT =	 "BT Technology Journal"}
@string{CACM =	 "Communications of the ACM"}
@string{CC =	 "Computer Communications"}
@string{CRA =	 "Color Research and Application"}
@string{CRN =	 "Critical Reviews in Neurobiology"}
@string{CSEM =	 "IEEE Computational Science and Engineering Magazine"}
@string{CVGIP =	 "Computer Vision, Graphics, and Image Processing"}
@string{ECE =	 "Electronics \& Communication Engineering Journal"}
@string{EL =	 "IEE Electronics Letters"}
@string{EYE =	 "Eye"}
@string{IEEE-S = "IEEE Spectrum"}
@string{IJCV =	 "International Journal of Computer Vision"}
@string{IOVS =	 "Investigative Ophthalmology \& Visual Science"}
@string{IVC =	 "Image and Vision Computing"}
@string{JAES =	 "Journal of the Audio Engineering Society"}
@string{JAM =	 "Journal of Applied Mechanics"}
@string{JASA =	 "Journal of the Acoustical Society of America"}
@string{JAOT=	 "Journal of Atmospheric and Oceanic Technology"}
@string{JCN =	 "Journal of Comparative Neurology"}
@string{JEI =	 "Journal of Electronic Imaging"}
@string{JEMR =	 "Journal of Eye Movement Research"}
@string{JIST =	 "Journal of Imaging Science and Technology"}
@string{JIVP =	 "EURASIP Journal on Image and Video Processing"}
@string{JOSA =	 "Journal of the Optical Society of America"}
@string{JOSA-A = "Journal of the Optical Society of America A"}
@string{JMA =	 "SIAM Journal of Mathematical Analysis"}
@string{JNP =	 "Journal of Neurophysiology"}
@string{JPHYS =	 "Journal of Physiology"}
@string{JPS =	 "Journal of Photographic Science"}
@string{JSTARS =	 "IEEE Journal of Selected Topics in Applied Earth Observations and Remote Sensing"}
@string{JSAC =	 "IEEE Journal on Selected Areas in Communications"}
@string{JSTSP =	 "IEEE Journal on Selected Topics in Signal Processing"}
@string{JV =	 "Journal of Vision"}
@string{JVCIR =	 "Journal of Visual Communication and Image Representation"}
@string{MS =	 "Multimedia Systems"}
@string{OE =	 "Optics Express"}
@string{OL =	 "Optics Letters"}
@string{OPTENG = "Optical Engineering"}
@string{P-IEEE = "Proceedings of the IEEE"}
@string{P-NAS =	 "Proceedings of the National Academy of Sciences of the USA"}
@string{P-RSL-B ="Proceedings of the Royal Society of London B"}
@string{PAO =	 "Pure Applied Optics"}
@string{PC =	 "Pattern Recognition"}
@string{PJR =	 "Philips Journal of Research"}
@string{PT-RSL-B="Philosophical Transactions of the Royal Society of London B"}
@string{SP =	 "Signal Processing"}
@string{SPIC =	 "Signal Processing: Image Communication"}

@string{GRSL =	 "IEEE Geoscience and Remote Sensing Letters"}
@string{SPL =	 "IEEE Signal Processing Letters"}
@string{SPM =	 "IEEE Signal Processing Magazine"}
@string{SMPTE =	 "SMPTE Motion Imaging Journal"}
@string{SV =	 "Spatial Vision"}
@string{T-AP=	"IEEE Transactions on Antennas and Propagation"}
@string{T-ASSP = "IEEE Transactions on Acoustics, Speech and Signal Processing"}
@string{T-BC =	 "IEEE Transactions on Broadcasting"}
@string{T-BE =	 "IEEE Transactions on Biomedical Engineering"}
@string{T-C =	 "IEEE Transactions on Communications"}
@string{T-CE =	 "IEEE Transactions on Consumer Electronics"}
@string{T-CSVT = "IEEE Transactions on Circuits and Systems for Video Technology"}
@string{T-G =	 "ACM Transactions on Graphics"}
@string{T-IP =	 "IEEE Transactions on Image Processing"}
@string{T-IT =	 "IEEE Transactions on Information Theory"}
@string{T-MM =	 "IEEE Transactions on Multimedia"}
@string{T-NSM =	 "IEEE eTransaction on Network and Service Management"}
@string{T-PAMI = "IEEE Transactions on Pattern Analysis and Machine Intelligence"}
@string{T-GRS = "IEEE Transactions on Geoscience and Remote Sensing"}
@string{T-SMC =	 "IEEE Transactions on Systems, Man, and Cybernetics"}
@string{T-SP =	 "IEEE Transactions on Signal Processing"}
@string{T-VCG =	 "IEEE Transactions on Visualization and Computer Graphics"}
@string{VCIR =	 "Visual Communication and Image Representation"}
@string{VNS =	 "Visual Neuroscience"}
@string{VR =	 "Vision Research"}
@string{VISP =	 "IEE Proceedings on Vision, Image and Signal Processing"}

@string{CONF =	 "Conference"}
@string{PROC =	 "Proc."}
@string{SPIE =	 "SPIE "}

@string{ADIP =	 "Applications of Digital Image Processing"}
@string{AIVCST = "Advanced Image and Video Communications and Storage Technologies"}
@string{BAS =	 "Broadband Access Systems"}
@string{CVBN =	 "Computational Vision Based on Neurobiology"}
@string{DVCAT =	 "Digital Video Compression: Algorithms and Technologies"}
@string{HVEI =	 "Human Vision and Electronic Imaging"}
@string{HVVPDD = "Human Vision, Visual Processing and Digital Display"}
@string{IC =	 "Image Coding"}
@string{II =	 "Internet Imaging"}
@string{IOIT =	 "Input/Output and Imaging Technologies"}
@string{IQSP =	 "Image Quality and System Performance"}
@string{IVCP =	 "Image and Video Communications and Processing"}
@string{IVP =	 "Image and Video Processing"}
@string{MCN =	 "Multimedia Computing and Networking"}
@string{MMD =	 "Multimedia on Mobile Devices"}
@string{MSA =	 "Multimedia Systems and Applications"}
@string{ONN =	 "Optical Neural Networks"}
@string{PMUC =	 "Perceiving, Measuring, and Using Color"}
@string{SDA =	 "Stereoscopic Displays and Applications"}
@string{SDVRS =	 "Stereoscopic Displays and Virtual Reality Systems"}
@string{SRIVD =  "Storage and Retrieval for Image and Video Databases"}
@string{SWMC =	 "Security and Watermarking of Multimedia Contents"}
@string{TDIP =   "3D Image Processing (3DIP) and Applications"}
@string{VCIP =	 "Visual Communications and Image Processing"}
@string{VIP =	 "Visual Information Processing"}
@string{WASIP =	 "Wavelet Applications in Signal and Image Processing"}

@string{ACCV=	 "Asian Conference on Computer Vision (ACCV)"}
@string{ACMMM=	 "ACM Multimedia"}
@string{ASILOMAR="Asilomar Conference on Signals, Systems and Computers"}
@string{ATNAC =	 "Australian Telecommunication Networks \& Applications Conference"}
@string{BMVC =	 "British Machine Vision Conference (BMVC)"}
@string{CIC =	 "Color Imaging Conference (CIC)"}
@string{COMPCON ="IEEE International Computer Conference"}
@string{CORESA	="CORESA Workshop"}
@string{CVPR ="Conference on Computer Vision and Pattern Recognition (CVPR)"}
@string{DSP =	 "International Conference on Digital Signal Processing"}
@string{ECCV =	 "European Conference on Computer Vision (ECCV)"}
@string{EUSIPCO ="European Signal Processing Conference"}
@string{HDTV =	 "International Workshop on HDTV"}
@string{IBC =	 "International Broadcasting Convention (IBC)"}
@string{ICASSP = "International Conference on Acoustics, Speech and Signal Processing (ICASSP)"}
@string{ICCV =	 "International Conference on Computer Vision (ICCV)"}
@string{ICIAP =	 "International Conference on Image Analysis and Processing (ICIAP)"}
@string{ICICS =	 "International Conference on Information, Communications and Signal Processing (ICICS)"}
@string{ICIP =	 "International Conference on Image Processing (ICIP)"}
@string{ICME =	 "International Conference on Multimedia \& Expo (ICME)"}
@string{ICPR =	 "International Conference on Pattern Recognition (ICPR)"}
@string{IGARSS = "International Geoscience and Remote Sensing Symposium (IGARSS)"}
@string{IPA =	 "International Conference on Image Processing and its Applications"}
@string{ISCAS =	 "International Conference on Circuits and Systems"}
@string{ISSPA =	 "International Symposium on Signal Processing and its Applications (ISSPA)"}
@string{ITCC =	 "International Conference on Information Technology: Coding and Computing"}
@string{IWISP =	 "International Workshop on Image and Signal Processing Advances in Computational Intelligence"}
@string{MMSP =	 "Workshop on Multimedia Signal Processing (MMSP)"}
@string{NIPS =	 "Neural Information Processing Systems (NIPS)"}
@string{NSIP =	 "Nonlinear Signal and Image Processing Workshop (NSIP)"}
@string{PCS =	 "Picture Coding Symposium (PCS)"}
@string{PICS =	 "Image Processing, Image Quality, Image Capture Systems Conference"}
@string{QOMEX = "International Workshop on Quality of Multimedia Experience (QoMEX)"}
@string{SID =	 "Society for Information Display"}
@string{SIP =	 "International Conference on Signal and Image Processing"}
@string{VPQM = "International Workshop on Video Processing and Quality Metrics (VPQM)"}
@string{WPMC =	 "International Symposium on Wireless Personal Multimedia Communications (WPMC)"}
