@InProceedings{synerg,
  Title                    = {Small scale cloud dynamics as studied by synergism of time lapsed digital camera and elastic {LIDAR}},
  Author                   = {F. Abdi and H. R. Khalesifard and P. H. Falmant},
  Booktitle                = PROC # { International Laser Radar Conference},
  Year                     = {2006},

  Owner                    = {soumya},
  Timestamp                = {2015.05.16}
}

@Article{SLIC,
  Title                    = {{SLIC} Superpixels Compared to State-of-the-art Superpixel Methods},
  Author                   = {R. Achanta and A. Shaji and K. Smith and A. Lucchi and P. Fua and S. Sustrunk},
  Journal                  = T-PAMI,
  Year                     = {2012},

  Month                    = NOV,
  Number                   = {11},
  Pages                    = {2274-2282},
  Volume                   = {34},

  Owner                    = {soumya},
  Timestamp                = {2015.05.23}
}

@Article{akyuz2012high,
  Title                    = {High dynamic range imaging pipeline on the {GPU}},
  Author                   = {Aky{\"u}z, A. O.},
  Journal                  = {Journal of Real-Time Image Processing},
  Year                     = {2015},

  Month                    = JUN,
  Number                   = {2},
  Pages                    = {273--287},
  Volume                   = {10},

  Owner                    = {soumya},
  Timestamp                = {2016.01.25}
}

@Article{multivariate-tutorial,
  Title                    = {Kernel Multivariate Analysis Framework for Supervised Subspace Learning: A Tutorial on Linear and Kernel Multivariate Methods},
  Author                   = {J. Arenas-Garcia and K. Petersen and G. Camps-Valls and L.K. Hansen},
  Journal                  = SPM,
  Year                     = {2013},

  Month                    = JUL,
  Number                   = {4},
  Pages                    = {16-29},
  Volume                   = {30},

  Owner                    = {soumya},
  Timestamp                = {2015.05.25}
}

@InProceedings{Ari2010,
  Title                    = {Unsupervised classification of remotely sensed images using Gaussian mixture models and particle swarm optimization},
  Author                   = {C. Ari and S. Aksoy},
  Booktitle                = PROC # { } # IGARSS,
  Year                     = {2010},

  Owner                    = {soumya},
  Timestamp                = {2015.05.24}
}

@TechReport{Asch2013,
  Title                    = {Macro- and micro-averaged evaluation measures},
  Author                   = {V. V. Asch},
  Institution              = {University of Antwerp},
  Year                     = {2013},

  Owner                    = {soumya},
  Timestamp                = {2015.05.15}
}

@Article{hyper_RLDA,
  Title                    = {Classification of Hyperspectral Images With Regularized Linear Discriminant Analysis},
  Author                   = {T. V. Bandos and L. Bruzzone and G. Camps-Valls},
  Journal                  = T-GRS,
  Year                     = {2009},

  Month                    = MAR,
  Number                   = {3},
  Pages                    = {862-873},
  Volume                   = {47},

  Owner                    = {soumya},
  Timestamp                = {2015.05.19}
}

@InProceedings{Forsyth2001,
  Title                    = {Learning the Semantics of Words and Pictures},
  Author                   = {K. Barnard and D. Forsyth},
  Booktitle                = PROC # { } # ICCV,
  Year                     = {2001},
  Pages                    = {408--415},
  Volume                   = {2}
}

@Article{SURF,
  Title                    = {Speeded-Up Robust Features {(SURF)}},
  Author                   = {H. Bay and A. Ess and T. Tuytelaars and L. V. Gool},
  Journal                  = {Computer Vision and Image Understanding},
  Year                     = {2008},
  Number                   = {3},
  Pages                    = {346-359},
  Volume                   = {110},

  Owner                    = {soumya},
  Timestamp                = {2015.05.24}
}

@Article{Bhandari2012,
  Title                    = {Feature Extraction using {Normalized Difference Vegetation Index (NDVI)}: A Case Study of Jabalpur City},
  Author                   = {A.K. Bhandari and A. Kumar and G.K. Singh},
  Journal                  = {Procedia Technology},
  Year                     = {2012},
  Number                   = {0},
  Pages                    = {612-621},
  Volume                   = {6},

  Owner                    = {soumya},
  Timestamp                = {2015.05.24}
}

@InProceedings{Boykov_ICCV,
  Title                    = {Interactive graph cuts for optimal boundary \& region segmentation of objects in {N-D} images},
  Author                   = {Y.Y. Boykov and M.-P. Jolly},
  Booktitle                = PROC # { } # ICCV,
  Year                     = {2001},
  Pages                    = {105--112 vol.1},

  Owner                    = {soumya},
  Timestamp                = {2015.09.07}
}

@Article{Boykov2004,
  Title                    = {An experimental comparison of min-cut/max- flow algorithms for energy minimization in vision},
  Author                   = {Y. Boykov and V. Kolmogorov},
  Journal                  = T-PAMI,
  Year                     = {2004},

  Month                    = SEP,
  Number                   = {9},
  Pages                    = {1124-1137},
  Volume                   = {26},

  Owner                    = {soumya},
  Timestamp                = {2015.05.23}
}

@Article{graphcut_PAMI,
  Title                    = {Fast approximate energy minimization via graph cuts},
  Author                   = {Y. Boykov and O. Veksler and R. Zabih},
  Journal                  = T-PAMI,
  Year                     = {2001},

  Month                    = NOV,
  Number                   = {11},
  Pages                    = {1222-1239},
  Volume                   = {23},

  Owner                    = {soumya},
  Timestamp                = {2015.05.23}
}

@InProceedings{bur2006,
  Title                    = {Color textons for texture recognition},
  Author                   = {G. Burghouts and J. Geusebroek},
  Booktitle                = PROC # { } # BMVC,
  Year                     = {2006},
  Pages                    = {1099--1108},

  Owner                    = {soumya},
  Timestamp                = {2015.05.15}
}

@Article{Calbo2008,
  Title                    = {Feature Extraction from Whole-Sky Ground-Based Images for Cloud-Type Recognition},
  Author                   = {J. Calb\'{o} and J. Sabburg},
  Journal                  = JAOT,
  Year                     = {2008},

  Month                    = JAN,
  Number                   = {1},
  Pages                    = {3-14},
  Volume                   = {25},

  Owner                    = {soumya},
  Timestamp                = {2015.05.15}
}

@InProceedings{Carbon2004,
  Title                    = {A Statistical Model for General Contextual Object Recognition},
  Author                   = {P. Carbonetto and N. de Freitas and K. Barnard},
  Booktitle                = PROC # { } # ECCV,
  Year                     = {2004},
  Pages                    = {},

  Owner                    = {soumya},
  Timestamp                = {2014.11.07}
}

@Article{Blobworld_PAMI,
  Title                    = {Blobworld: image segmentation using expectation-maximization and its application to image querying},
  Author                   = {C. Carson and S. Belongie and H. Greenspan and J. Malik},
  Journal                  = T-PAMI,
  Year                     = {2002},

  Month                    = AUG,
  Number                   = {8},
  Pages                    = {1026-1038},
  Volume                   = {24},

  Owner                    = {soumya},
  Timestamp                = {2015.05.23}
}

@Article{sky_imager2008,
  Title                    = {Development of a sky imager for cloud cover assessment},
  Author                   = {A. Cazorla and F. J. Olmo and L. Alados-Arboledas},
  Journal                  = JOSA-A,
  Year                     = {2008},

  Month                    = AUG,
  Number                   = {1},
  Pages                    = {29-39},
  Volume                   = {25},

  Owner                    = {soumya},
  Timestamp                = {2015.05.16}
}

@Article{fuse_AOD,
  Title                    = {A geostatistical data fusion technique for merging remote sensing and ground-based observations of aerosol optical thickness},
  Author                   = {A. Chatterjee and A. M. Michalak and R. A. Kahn and S. R. Paradise and A. J. Braverman and C. E. Miller},
  Journal                  = {Journal of Geophysical Research},
  Year                     = {2010},

  Month                    = OCT,
  Number                   = {D20},
  Pages                    = {n/a--n/a},
  Volume                   = {115},

  Owner                    = {soumya},
  Timestamp                = {2016.08.02}
}

@InProceedings{how_weather,
  Title                    = {How is the weather: Automatic inference from images},
  Author                   = {Z. Chen and Y. Feng and A. Lindner and G. Barrenetxea and M. Vetterli},
  Booktitle                = PROC # { } # ICIP,
  Year                     = {2012},
  Pages                    = {1853--1856},

  Owner                    = {soumya},
  Timestamp                = {2015.05.16}
}

@Article{cloud_LBP,
  Title                    = {Block-based cloud classification with statistical features and distribution of local texture features},
  Author                   = {Cheng, H.-Y. and Yu, C.-C.},
  Journal                  = {Atmospheric Measurement Techniques},
  Year                     = {2015},

  Month                    = MAR,
  Number                   = {3},
  Pages                    = {1173--1182},
  Volume                   = {8},

  Owner                    = {soumya},
  Timestamp                = {2016.08.02}
}

@Article{satellite03,
  Title                    = {Multifeature texture analysis for the classification of clouds in satellite imagery},
  Author                   = {C. I. Christodoulou and S. C. Michaelides and C. S. Pattichis},
  Journal                  = T-GRS,
  Year                     = {2003},

  Month                    = NOV,
  Number                   = {11},
  Pages                    = {2662--2668},
  Volume                   = {41},

  Owner                    = {soumya},
  Timestamp                = {2016.08.14}
}

@Article{forest,
  Title                    = {An assessment of several linear change detection techniques for mapping forest mortality using multitemporal landsat {TM} data},
  Author                   = {J. B. Collins and C. E. Woodcock},
  Journal                  = {Remote Sensing of Environment},
  Year                     = {1996},

  Month                    = APR,
  Number                   = {1},
  Pages                    = {66--77},
  Volume                   = {56},

  Owner                    = {soumya},
  Timestamp                = {2015.05.22}
}

@Article{AL_hyperspectral,
  Title                    = {Active Learning: Any Value for Classification of Remotely Sensed Data?},
  Author                   = {M.M. Crawford and D. Tuia and H.L. Yang},
  Journal                  = P-IEEE,
  Year                     = {2013},

  Month                    = MAR,
  Number                   = {3},
  Pages                    = {593--608},
  Volume                   = {101},

  Owner                    = {soumya},
  Timestamp                = {2015.05.22}
}

@Misc{unified_linear,
  Title                    = {Unifying linear dimensionality reduction},

  Author                   = {J. P. Cunningham and Z. Ghahramani},
  HowPublished             = {arXiv e-prints},
  Month                    = {June},
  Year                     = {2014},

  Owner                    = {soumya},
  Timestamp                = {2015.05.18}
}

@InProceedings{optical_sensing,
  Title                    = {Optical remote sensing of dense isolated clouds with high-resolution satellite- and ground-based imagers},
  Author                   = {A.B. Davis and A. Marshak},
  Booktitle                = PROC # { } # IGARSS,
  Year                     = {2002},
  Pages                    = {},

  Owner                    = {soumya},
  Timestamp                = {2015.05.20}
}

@InProceedings{DebevecHDR,
  Title                    = {Recovering High Dynamic Range Radiance Maps from Photographs},
  Author                   = {P. E. Debevec and J. Malik},
  Booktitle                = PROC # { 24th Annual Conference on Computer Graphics and Interactive Techniques},
  Year                     = {1997},
  Pages                    = {369--378},

  Owner                    = {soumya},
  Timestamp                = {2015.05.22}
}

@Unpublished{CloudSLIC2015,
  Title                    = {{CloudSLIC}: An efficient superpixel-based method for sky/cloud image segmentation},
  Author                   = {S. Dev and Y. H. Lee and S. Winkler},
  Note                     = {Under review in } # GRSL,

  Owner                    = {soumya},
  Timestamp                = {2015.05.20}
}

@InProceedings{ICIP2015a,
  Title                    = {Multi-level semantic labeling of sky/cloud images},
  Author                   = {S. Dev and Y. H. Lee and S. Winkler},
  Booktitle                = PROC # { } # ICIP,
  Year                     = {2015},
  Pages                    = {636--640},

  Owner                    = {soumya},
  Timestamp                = {2015.05.14}
}

@InProceedings{ICIP2015b,
  Title                    = {Categorization of cloud image patches using an improved texton-based approach},
  Author                   = {S. Dev and Y. H. Lee and S. Winkler},
  Booktitle                = PROC # { } # ICIP,
  Year                     = {2015},
  Pages                    = {422-426},

  Owner                    = {soumya},
  Timestamp                = {2015.05.14}
}

@InProceedings{ICIP1_2014,
  Title                    = {Systematic Study of Color Spaces and Components for the Segmentation of Sky/Cloud Images},
  Author                   = {S. Dev and Y. H. Lee and S. Winkler},
  Booktitle                = PROC # { } # ICIP,
  Year                     = {2014},
  Pages                    = {5102--5106}
}

@InProceedings{IGARSS2015a,
  Title                    = {Design of low-cost, compact and weather-proof whole sky imagers for {High-Dynamic-Range} captures},
  Author                   = {S. Dev and F. M. Savoy and Y. H. Lee and S. Winkler},
  Booktitle                = PROC # { } # IGARSS,
  Year                     = {2015},
  Pages                    = {5359--5362},

  Owner                    = {soumya},
  Timestamp                = {2015.05.22}
}

@InProceedings{WAHRSIS,
  Title                    = {{WAHRSIS}: A low-cost, high-resolution whole sky imager with near-infrared capabilities},
  Author                   = {S. Dev and F. M. Savoy and Y. H. Lee and S. Winkler},
  Booktitle                = {Proc. IS\&T/SPIE Infrared Imaging Systems},
  Year                     = {2014},
  Pages                    = {},

  Owner                    = {soumya},
  Timestamp                = {2015.05.13}
}

@Article{GRSM2016,
  Title                    = {Ground-Based Image Analysis: A Tutorial on Machine-Learning Techniques and Applications},
  Author                   = {S. Dev and B. Wen and Y. H. Lee and S. Winkler},
  Journal                  = {IEEE Geoscience and Remote Sensing Magazine},
  Year                     = {2016},

  Month                    = JUN,
  Number                   = {2},
  Pages                    = {79-93},
  Volume                   = {4},

  Owner                    = {soumya},
  Timestamp                = {2016.06.17}
}

@Article{tidal_FA,
  Title                    = {Factor analysis and classification of remotely sensed data for monitoring tidal flats},
  Author                   = {R. Doerffer and D. Murphy},
  Journal                  = {Helgol{\"a}nder Meeresuntersuchungen},
  Year                     = {1989},

  Owner                    = {soumya},
  Timestamp                = {2015.05.18}
}

@InCollection{rs-class,
  Title                    = {Remote Sensing Image Classification Algorithm Based on Rough Set Theory},
  Author                   = {Dong, G-J. and Zhang, Y-S. and Fan, Y-H.},
  Booktitle                = {Fuzzy Information and Engineering},
  Publisher                = {Springer Berlin Heidelberg},
  Year                     = {2007},
  Editor                   = {Cao, Bing-Yuan},
  Pages                    = {846-851},
  Series                   = {Advances in Soft Computing},
  Volume                   = {40},

  Owner                    = {soumya},
  Timestamp                = {2016.01.17}
}

@Article{hyper_CLDA,
  Title                    = {Implementation of real-time constrained linear discriminant analysis to remote sensing image classification},
  Author                   = {Q. Dua and R. Nekoveib},
  Journal                  = {Pattern Recognition},
  Year                     = {2005},

  Month                    = APR,
  Number                   = {4},
  Pages                    = {459-471},
  Volume                   = {38},

  Owner                    = {soumya},
  Timestamp                = {2015.05.19}
}

@InProceedings{Duygulu2002,
  Title                    = {Object Recognition as Machine Translation: Learning a Lexicon for a Fixed Image Vocabulary},
  Author                   = {P. Duygulu and K. Barnard and J. F. G. de Freitas and D. A. Forsyth},
  Booktitle                = PROC # { } # ECCV,
  Year                     = {2002},
  Pages                    = {},

  Owner                    = {soumya},
  Timestamp                = {2014.11.07}
}

@InProceedings{SSL_remote,
  Title                    = {Semi-supervised remote sensing image classification via maximum entropy},
  Author                   = {A.N. Erkan and G. Camps-Valls and Y. Altun},
  Booktitle                = PROC # { IEEE International Workshop on Machine Learning for Signal Processing (MLSP)},
  Year                     = {2010},
  Pages                    = {},

  Owner                    = {soumya},
  Timestamp                = {2015.05.24}
}

@InProceedings{uwe2000,
  Title                    = {Ground-Based Cloud Images and Sky Radiances in the Visible and Near Infrared Region from Whole Sky Imager Measurements},
  Author                   = {U. Feister and J. Shields and M. Karr and R. Johnson and K. Dehne and M. Woldt},
  Booktitle                = PROC # { Climate Monitoring Satellite Application Facility Training Workshop},
  Year                     = {2000},
  Pages                    = {},

  Owner                    = {soumya},
  Timestamp                = {2015.05.16}
}

@Article{solar_irr_pred,
  Title                    = {Predicting solar irradiance with all-sky image features via regression},
  Author                   = {C-L Fua and H-Y Cheng},
  Journal                  = {Solar Energy},
  Year                     = {2013},

  Month                    = NOV,
  Pages                    = {537-550},
  Volume                   = {97},

  Owner                    = {soumya},
  Timestamp                = {2015.05.16}
}

@InProceedings{Galun2003,
  Title                    = {Texture segmentation by multiscale aggregation of filter responses and shape elements},
  Author                   = {M. Galun and E. Sharon and R. Basri and A. Brandt},
  Booktitle                = PROC # { } # ICCV,
  Year                     = {2003},
  Pages                    = {},

  Owner                    = {soumya},
  Timestamp                = {2015.05.24}
}

@Article{Ghonima2012,
  Title                    = {A method for cloud detection and opacity classification based on ground based sky imagery},
  Author                   = {M. S. Ghonima and B. Urquhart and C. W. Chow and J. E. Shields and A. Cazorla and J. Kleissl},
  Journal                  = AMT,
  Year                     = {2012},
  Month                    = NOV,
  Number                   = {11},
  Pages                    = {2881--2892},
  Volume                   = {5},

  Owner                    = {soumya},
  Timestamp                = {2015.06.09}
}

@InProceedings{NCA_NIPS,
  Title                    = {Neighbourhood components analysis},
  Author                   = {J. Goldberger and S. Roweis and G. Hinton and R. Salakhutdinov},
  Booktitle                = PROC # { } # NIPS,
  Year                     = {2005},
  Pages                    = {},

  Owner                    = {soumya},
  Timestamp                = {2015.05.23}
}

@Article{skylight_HDR,
  Title                    = {Sky Based Light Metering for High Dynamic Range Images},
  Author                   = {Y. Gryaditskya and T. Pouli and E. Reinhard and H.-P. Seidel},
  Journal                  = {Computer Graphics Forum},
  Year                     = {2014},
  Number                   = {7},
  Pages                    = {61-69},
  Volume                   = {33},

  Owner                    = {soumya},
  Timestamp                = {2015.06.09}
}

@Article{Halpern79,
  Title                    = {Surface Wind Measurements and Low-Level Cloud Motion Vectors near the Intertropical Convergence Zone In the Central Pacific Ocean from {November 1977 to March 1978}},
  Author                   = {D. Halpern},
  Journal                  = {Monthly Weather Review},
  Year                     = {1979},

  Month                    = NOV,
  Number                   = {11},
  Pages                    = {1525-1534},
  Volume                   = {107},

  Owner                    = {soumya},
  Timestamp                = {2015.12.16}
}

@Article{Haralick73,
  Title                    = {Textural Features for Image Classification},
  Author                   = {R. M. Haralick and K. Shanmugam and I. Dinstein},
  Journal                  = {IEEE Transactions on Systems, Man, and Cybernetics},
  Year                     = {1973},

  Month                    = NOV,
  Number                   = {6},
  Pages                    = {610-621},
  Volume                   = {SMC-3},

  Owner                    = {soumya},
  Timestamp                = {2016.08.14}
}

@InProceedings{Harris,
  Title                    = {A combined corner and edge detector},
  Author                   = {C. Harris and M. Stephens},
  Booktitle                = PROC # { Fourth Alvey Vision Conference},
  Year                     = {1988},
  Pages                    = {},

  Owner                    = {soumya},
  Timestamp                = {2015.05.24}
}

@Article{Heinle2010,
  Title                    = {Automatic cloud classification of whole sky images},
  Author                   = {A. Heinle and A. Macke and A. Srivastav},
  Journal                  = {Atmospheric Measurement Techniques},
  Year                     = {2010},
  Month                    = {},
  Number                   = {3},
  Pages                    = {557-567},
  Volume                   = {3},

  Owner                    = {soumya},
  Timestamp                = {2015.05.15}
}

@Article{Hinkelman09,
  Title                    = {Evaluation of Multiangle Imaging Spectroradiometer cloud motion vectors using {NOAA} radar wind profiler data},
  Author                   = {L. M. Hinkelman and R. T. Marchand and T. P. Ackerman},
  Journal                  = {Journal of Geophysical Research},
  Year                     = {2009},

  Month                    = NOV,
  Number                   = {D21207},
  Volume                   = {114},

  Owner                    = {soumya},
  Timestamp                = {2015.12.16}
}

@Article{Horvath01,
  Title                    = {Feasibility and error analysis of cloud motion wind extraction from near-simultaneous multiangle {MISR} measurements},
  Author                   = {A. Horvath and R. Davies},
  Journal                  = JAOT,
  Year                     = {2001},
  Pages                    = {591-608},
  Volume                   = {18},

  Owner                    = {soumya},
  Timestamp                = {2015.12.16}
}

@Article{huo2009cloud,
  Title                    = {Cloud determination of all-sky images under low-visibility conditions},
  Author                   = {Huo, J. and Lu, D.},
  Journal                  = JAOT,
  Year                     = {2009},

  Month                    = OCT,
  Number                   = {10},
  Pages                    = {2172--2181},
  Volume                   = {26},

  Owner                    = {soumya},
  Timestamp                = {2016.01.25}
}

@Article{Kazantzidis2012,
  Title                    = {Cloud detection and classification with the use of whole-sky ground-based images},
  Author                   = {A. Kazantzidis and P. Tzoumanikas and A. F. Bais and S. Fotopoulos and G. Economou},
  Journal                  = {Atmospheric Research},
  Year                     = {2012},

  Month                    = SEP,
  Number                   = {},
  Pages                    = {80--88},
  Volume                   = {113},

  Owner                    = {soumya},
  Timestamp                = {2015.12.28}
}

@InProceedings{Kenny06,
  Title                    = {Whole-Sky Luminance Maps from Calibrated Digital Photography},
  Author                   = {P. Kenny and J. A. Olley and J. O. Lewis},
  Booktitle                = PROC # { EuroSun Conference},
  Year                     = {2006},
  Pages                    = {},

  Owner                    = {soumya},
  Timestamp                = {2015.06.09}
}

@Article{Komorowski99,
  Title                    = {Rough Sets: A Tutorial},
  Author                   = {J. Komorowski and Z. Pawlak and L. Polkowski and A. Skowron},
  Journal                  = {Rough-Fuzzy Hybridization: A New Trend in Decision Making},
  Year                     = {1999},
  Pages                    = {3-98},

  Owner                    = {soumya},
  Timestamp                = {2015.12.29}
}

@Article{Kreuter2009,
  Title                    = {All-sky imaging: a simple, versatile system for atmospheric research},
  Author                   = {Kreuter, A. and Zangerl, M. and Schwarzmann, M. and Blumthaler, M.},
  Journal                  = AO,
  Year                     = {2009},

  Month                    = FEB,
  Number                   = {6},
  Pages                    = {1091-1097},
  Volume                   = {48},

  Owner                    = {soumya},
  Timestamp                = {2015.12.28}
}

@Article{Kumar15,
  Title                    = {A novel approach for the extraction of cloud motion vectors using airglow imager measurements},
  Author                   = {S. S. Kumar and T. N. Rao and A. Taori},
  Journal                  = {Atmospheric Measurement Techniques},
  Year                     = {2015},

  Month                    = MAR,
  Number                   = {9},
  Pages                    = {3893--3901},
  Volume                   = {8},

  Owner                    = {soumya},
  Timestamp                = {2015.12.16}
}

@Article{ice2008,
  Title                    = {Evaluation of {SSM/I} and {AMSR-E} Sea Ice Concentrations in the Antarctic Spring Using {KOMPSAT-1 EOC} Images},
  Author                   = {H. Lee and H. Han},
  Journal                  = T-GRS,
  Year                     = {2008},

  Month                    = JUL,
  Number                   = {7},
  Pages                    = {1905--1912},
  Volume                   = {46},

  Doi                      = {},
  File                     = {},
  ISSN                     = {},
  Url                      = {}
}

@Article{Li2011,
  Title                    = {A Hybrid Thresholding Algorithm for Cloud Detection on Ground-Based Color Images},
  Author                   = {Li, Q. and Lu, W. and Yang, J.},
  Journal                  = JAOT,
  Year                     = {2011},

  Month                    = OCT,
  Number                   = {10},
  Pages                    = {1286--1296},
  Volume                   = {28},

  Doi                      = {},
  File                     = {},
  ISSN                     = {},
  Url                      = {}
}

@Article{cloud_mrf,
  Title                    = {Thin Cloud Detection of All-Sky Images Using {M}arkov Random Fields},
  Author                   = {Q. Li and W. Lu and J. Yang and Wang, J. Z.},
  Journal                  = GRSL,
  Year                     = {2012},

  Month                    = MAY,
  Number                   = {3},
  Pages                    = {417-421},
  Volume                   = {9},

  Owner                    = {soumya},
  Timestamp                = {2016.01.25}
}

@InProceedings{Liu2012,
  Title                    = {Illumination-invariant Completed {LTP} Descriptor for Cloud Classification},
  Author                   = {S. Liu and C. Wang and B. Xiao and Z. Zhang and Y. Shao},
  Booktitle                = PROC # { 5th International Congress on Image and Signal Processing (CISP)},
  Year                     = {2012},
  Pages                    = {449--453},

  Owner                    = {soumya},
  Timestamp                = {2015.05.15}
}

@Article{LiuSP2015,
  Title                    = {Automatic Cloud Detection for All-Sky Images Using Superpixel Segmentation},
  Author                   = {S. Liu and L. Zhang and Z. Zhang and C. Wang and B. Xiao},
  Journal                  = GRSL,
  Year                     = {2015},

  Month                    = FEB,
  Number                   = {2},
  Pages                    = {354-358},
  Volume                   = {12},

  Owner                    = {soumya},
  Timestamp                = {2015.05.23}
}

@Article{Liu16,
  Title                    = {Learning group patterns for ground-based cloud classification in wireless sensor networks},
  Author                   = {S. Liu and Z. Zhang},
  Journal                  = {EURASIP Journal on Wireless Communications and Networking},
  Year                     = {2016},

  Month                    = MAR,
  Number                   = {1},
  Pages                    = {1--6},
  Volume                   = {2016},

  Owner                    = {soumya},
  Timestamp                = {2016.08.14}
}

@Article{Liu_AGC,
  Title                    = {Ground-Based Cloud Detection Using Automatic Graph Cut},
  Author                   = {S. Liu and Z. Zhang and B. Xiao and X. Cao},
  Journal                  = GRSL,
  Year                     = {2015},

  Month                    = {June},
  Number                   = {6},
  Pages                    = {1342-1346},
  Volume                   = {12},

  Owner                    = {soumya},
  Timestamp                = {2015.05.23}
}

@Article{Long,
  Title                    = {Retrieving Cloud Characteristics from Ground-Based Daytime Color All-Sky Images},
  Author                   = {Long, C. N. and Sabburg, J. M. and Calb\'{o}, J. and Pages, D.},
  Journal                  = JAOT,
  Year                     = {2006},
  Month                    = MAY,
  Number                   = {5},
  Pages                    = {633--652},
  Volume                   = {23}
}

@InProceedings{SIFT,
  Title                    = {Object recognition from local scale-invariant features},
  Author                   = {D. G. Lowe},
  Booktitle                = PROC # { } # ICCV,
  Year                     = {1999},
  Pages                    = {1150--1157},

  Owner                    = {soumya},
  Timestamp                = {2015.05.24}
}

@Article{Sylvio,
  Title                    = {The Use of {Euclidean} Geometric Distance on {RGB} Color Space for the Classification of Sky and Cloud Patterns},
  Author                   = {S. L. Mantelli-Neto and von Wangenheim, A. and Pereira, E. B. and Comunello, E.},
  Journal                  = JAOT,
  Year                     = {2010},
  Month                    = SEP,
  Number                   = {9},
  Pages                    = {1504--1517},
  Volume                   = {27}
}

@Article{Maulik2009,
  Title                    = {Modified differential evolution based fuzzy clustering for pixel classification in remote sensing imagery},
  Author                   = {U. Maulik and I. Saha},
  Journal                  = {Pattern Recognition},
  Year                     = {2009},
  Number                   = {9},
  Pages                    = {2135-2149},
  Volume                   = {42},

  Owner                    = {soumya},
  Timestamp                = {2015.05.24}
}

@InProceedings{mertens2007exposure,
  Title                    = {Exposure fusion},
  Author                   = {T. Mertens and J. Kautz and F. V. Reeth},
  Booktitle                = PROC # { Pacific Conference on Computer Graphics and Applications},
  Year                     = {2007},
  Pages                    = {},

  Owner                    = {soumya},
  Timestamp                = {2015.05.20}
}

@InProceedings{Misra2012,
  Title                    = {An automatic satellite image registration technique based on Harris corner detection and {Random Sample Consensus (RANSAC)} outlier rejection model},
  Author                   = {I. Misra and S.M. Moorthi and D. Dhar and R. Ramakrishnan},
  Booktitle                = PROC # { International Conference on Recent Advances in Information Technology},
  Year                     = {2012},
  Pages                    = {},

  Owner                    = {soumya},
  Timestamp                = {2015.05.24}
}

@InProceedings{Mori99,
  Title                    = {Image-to-Word Transformation Based on Dividing and Vector Quantizing Images With Words},
  Author                   = {Y. Mori and H. Takahashi and R. Oka},
  Booktitle                = {Proc. International Workshop on Multimedia Intelligent Storage and Retrieval Management (MISRM)},
  Year                     = {1999},
  Pages                    = {},

  Owner                    = {soumya},
  Timestamp                = {2014.11.07}
}

@Article{PCA_wetland,
  Title                    = {Use of Principal Component Analysis {(PCA)} of Remote Sensing Images in Wetland Change Detection on the Kafue Flats, Zambia},
  Author                   = {C. Munyati},
  Journal                  = {Geocarto International},
  Year                     = {2004},

  Owner                    = {soumya},
  Timestamp                = {2015.05.18}
}

@InProceedings{Okura12,
  Title                    = {Full Spherical High Dynamic Range Imaging from the Sky},
  Author                   = {F. Okura and M. Kanbara and N. Yokoya},
  Booktitle                = PROC # { } # ICME,
  Year                     = {2012},
  Pages                    = {},

  Owner                    = {soumya},
  Timestamp                = {2015.06.09}
}

@Book{WMO_guide,
  Title                    = {International Cloud Atlas},
  Author                   = {World Meteorological Organization},
  Year                     = {1975},
  Volume                   = {1},

  Owner                    = {soumya},
  Timestamp                = {2015.05.18}
}

@Article{Otsu79,
  Title                    = {A Threshold Selection Method from Gray-Level Histograms},
  Author                   = {N. Otsu},
  Journal                  = T-SMC,
  Year                     = {1979},

  Month                    = JAN,
  Number                   = {1},
  Pages                    = {62-66},
  Volume                   = {9},

  Owner                    = {soumya},
  Timestamp                = {2016.01.25}
}

@Article{TL_survey,
  Title                    = {A survey on transfer learning},
  Author                   = {S. J. Pan and Q. Yang},
  Journal                  = {IEEE Transactions on Knowledge and Data Engineering},
  Year                     = {2010},

  Month                    = {October},
  Number                   = {10},
  Pages                    = {1345-1359},
  Volume                   = {22},

  Owner                    = {soumya},
  Timestamp                = {2015.05.22}
}

@Article{VDA2015,
  Title                    = {Visual Domain Adaptation: A survey of recent advances},
  Author                   = {V. M. Patel and R. Gopalan and Li Ruonan and R. Chellappa},
  Journal                  = SPM,
  Year                     = {2015},

  Month                    = {May},
  Number                   = {3},
  Pages                    = {53-69},
  Volume                   = {32},

  Owner                    = {soumya},
  Timestamp                = {2015.05.22}
}

@InProceedings{rs-IGARSS,
  Title                    = {A rough set based band selection technique for the analysis of hyperspectral images},
  Author                   = {Patra, S. and Bruzzone, L.},
  Booktitle                = PROC # { } # IGARSS,
  Year                     = {2015},
  Pages                    = {497-500},

  Owner                    = {soumya},
  Timestamp                = {2016.01.17}
}

@Article{rs-TGRS,
  Title                    = {Hyperspectral Band Selection Based on Rough Set},
  Author                   = {Patra, S. and Modi, P. and Bruzzone, L.},
  Journal                  = TGRS,
  Year                     = {2015},

  Month                    = OCT,
  Number                   = {10},
  Pages                    = {5495-5503},
  Volume                   = {53},

  Owner                    = {soumya},
  Timestamp                = {2016.01.17}
}

@Book{Pawlak92,
  Title                    = {Rough Sets: Theoretical Aspects of Reasoning About Data},
  Author                   = {Z. Pawlak},
  Publisher                = {Kluwer Academic Publishers},
  Year                     = {1992},

  Owner                    = {soumya},
  Timestamp                = {2015.12.29}
}

@InProceedings{Ren2003,
  Title                    = {Learning a classification model for segmentation},
  Author                   = {X. Ren and J. Malik},
  Booktitle                = PROC # { } # ICCV,
  Year                     = {2003},
  Pages                    = {},

  Owner                    = {soumya},
  Timestamp                = {2015.05.23}
}

@InProceedings{jpegxt,
  Title                    = {On the standardization of the {JPEG XT} image compression},
  Author                   = {Richter, T.},
  Booktitle                = PROC # { Picture Coding Symposium (PCS)},
  Year                     = {2013},
  Pages                    = {37--40},

  Owner                    = {soumya},
  Timestamp                = {2016.01.25}
}

@InProceedings{infrared_UK,
  Title                    = {Automated cloud classification using a ground based infra-red camera and texture analysis techniques},
  Author                   = {E. Rumi and D. Kerr and J. M. Coupland and A. P. Sandford and M. J. Brettle},
  Booktitle                = PROC # { SPIE 8890, Remote Sensing of Clouds and the Atmosphere XVIII},
  Year                     = {2013},
  Pages                    = {},

  Owner                    = {soumya},
  Timestamp                = {2015.05.16}
}

@Article{FirstWSI,
  Title                    = {Evaluation of a Ground-Based Sky Camera System for use in Surface Irradiance Measurement},
  Author                   = {J. Sabburg and J. Wong},
  Journal                  = JAOT,
  Year                     = {1999},

  Month                    = {June},
  Number                   = {6},
  Pages                    = {752-759},
  Volume                   = {16},

  Owner                    = {soumya},
  Timestamp                = {2015.05.20}
}

@InProceedings{IGARSS2015b,
  Title                    = {Cloud base height estimation using high-resolution whole sky imagers},
  Author                   = {F. M. Savoy and J. Lemaitre and S. Dev and Y. H. Lee and S. Winkler},
  Booktitle                = PROC # { } # IGARSS,
  Year                     = {2015},
  Pages                    = {1622--1625},

  Owner                    = {soumya},
  Timestamp                = {2015.05.22}
}

@Article{Schmetz93,
  Title                    = {Operational Cloud-Motion Winds from Meteosat Infrared Images},
  Author                   = {J. Schmetz and K. Holmlund and J. Hoffman and B. Strauss and B. Mason and V. Gaertner and A. Koch and L. V. De Berg},
  Journal                  = {Journal of Applied Meteorology and Climatology},
  Year                     = {1993},

  Month                    = JUL,
  Number                   = {7},
  Pages                    = {1206-1225},
  Volume                   = {32},

  Owner                    = {soumya},
  Timestamp                = {2015.12.16}
}

@InProceedings{Schmid_CVPR,
  Title                    = {Constructing models for content-based image retrieval},
  Author                   = {C. Schmid},
  Booktitle                = PROC # { } # CVPR,
  Year                     = {2001},
  Pages                    = {II-39--II-45 vol.2},

  Owner                    = {soumya},
  Timestamp                = {2015.05.15}
}

@Article{contrail_WSI,
  Title                    = {Contrail study with ground-based cameras},
  Author                   = {U. Schumann and R. Hempel and H. Flentje and M. Garhammer and K. Graf and S. Kox and H. Losslein and B. Mayer},
  Journal                  = AMT,
  Year                     = {2013},

  Month                    = DEC,
  Number                   = {12},
  Pages                    = {3597--3612},
  Volume                   = {6},

  Owner                    = {soumya},
  Timestamp                = {2015.05.28}
}

@InProceedings{Shao1994,
  Title                    = {Gabor wavelets for texture edge extraction},
  Author                   = {J. Shao and W. Foerstner},
  Booktitle                = PROC # { SPIE 2357, ISPRS Commission III Symposium: Spatial Information from Digital Photogrammetry and Computer Vision},
  Year                     = {1994},
  Pages                    = {},

  Owner                    = {soumya},
  Timestamp                = {2015.05.24}
}

@Article{WSI_UCSD,
  Title                    = {Day/night whole sky imagers for 24-h cloud and sky assessment: history and overview},
  Author                   = {J. E. Shields and M. E. Karr and R. W. Johnson and A. R. Burden},
  Journal                  = AO,
  Year                     = {2013},

  Month                    = MAR,
  Number                   = {8},
  Pages                    = {1605--1616},
  Volume                   = {52},

  Owner                    = {soumya},
  Timestamp                = {2015.05.28}
}

@Article{WSI-history,
  Title                    = {Day/night whole sky imagers for 24-h cloud and sky assessment: history and overview},
  Author                   = {J. E. Shields and M. E. Karr and R. W. Johnson and A. R. Burden},
  Journal                  = AO,
  Year                     = {2013},

  Month                    = MAR,
  Number                   = {8},
  Pages                    = {1605--1616},
  Volume                   = {52},

  Owner                    = {soumya},
  Timestamp                = {2015.05.28}
}

@InProceedings{WSI-year,
  Title                    = {The Whole Sky Imager - A Year of Progress},
  Author                   = {J. E. Shields and M. E. Karr and T. P. Tooman and D H Sowle and S. T. Moore},
  Booktitle                = PROC # { Atmospheric Radiation Measurement (ARM) Science Team Meeting},
  Year                     = {1991},
  Pages                    = {},

  Owner                    = {soumya},
  Timestamp                = {2015.05.20}
}

@InCollection{review_GT,
  Title                    = {Graph-Theoretical Methods in Computer Vision},
  Author                   = {A. Shokoufandeh and S. Dickinson},
  Booktitle                = {Theoretical Aspects of Computer Science},
  Publisher                = {Springer Berlin Heidelberg},
  Year                     = {2002},
  Pages                    = {148-174},
  Series                   = {Lecture Notes in Computer Science},
  Volume                   = {2292},

  Owner                    = {soumya},
  Timestamp                = {2015.05.23}
}

@Article{singh2005,
  Title                    = {Automated ground-based cloud recognition},
  Author                   = {M. Singh and M. Glennen},
  Journal                  = {Pattern Analysis and Applications},
  Year                     = {2005},

  Month                    = OCT,
  Number                   = {3},
  Pages                    = {258-271},
  Volume                   = {8},

  Owner                    = {soumya},
  Timestamp                = {2015.05.15}
}

@Article{Song2010,
  Title                    = {Remote Sensing Image Registration Based on Retrofitted {SURF} Algorithm and Trajectories Generated From Lissajous Figures},
  Author                   = {Z. L. Song and J. Zhang},
  Journal                  = GRSL,
  Year                     = {2010},

  Month                    = {July},
  Number                   = {3},
  Pages                    = {491-495},
  Volume                   = {7},

  Owner                    = {soumya},
  Timestamp                = {2015.05.24}
}

@Article{Souza,
  Title                    = {A simple method for the assessment of the cloud cover state in high-latitude regions by a ground-based digital camera},
  Author                   = {Souza-Echer, M. P. and Pereira, E. B. and Bins, L. S. and Andrade, M. A. R.},
  Journal                  = JAOT,
  Year                     = {2006},

  Month                    = MAR,
  Number                   = {3},
  Pages                    = {437--447},
  Volume                   = {23}
}

@InProceedings{Stumpfel04,
  Title                    = {Direct {HDR} Capture of the Sun and Sky},
  Author                   = {J. Stumpfel and C. Tchou and A. Jones and T. Hawkins and A. Wenger and P. Debevec},
  Booktitle                = PROC # { 3rd International Conference on Computer Graphics, Virtual Reality, Visualisation and Interaction in Africa},
  Year                     = {2004},
  Pages                    = {},

  Owner                    = {soumya},
  Timestamp                = {2015.06.09}
}

@InProceedings{Sun2009,
  Title                    = {The remote-sensing image segmentation using textons in the normalized cuts Framework},
  Author                   = {F. Sun and J. He},
  Booktitle                = PROC # { International Conference on Mechatronics and Automation (ICMA)},
  Year                     = {2009},
  Pages                    = {1877--1881},

  Owner                    = {soumya},
  Timestamp                = {2015.05.15}
}

@Article{taravat2015neural,
  Title                    = {Neural networks and support vector machine algorithms for automatic cloud classification of whole-sky ground-based images},
  Author                   = {Taravat, A. and D. Frate, F. and Cornaro, C. and Vergari, S.},
  Journal                  = GRSL,
  Year                     = {2015},

  Month                    = MAR,
  Number                   = {3},
  Pages                    = {666--670},
  Volume                   = {12},

  Owner                    = {soumya},
  Timestamp                = {2016.01.25}
}

@InProceedings{hand_crafted,
  Title                    = {Beyond Hand-Crafted Features in Remote Sensing},
  Author                   = {P. Tokarczyk and J. D. Wegner and S. Walk and K. Schindler},
  Booktitle                = PROC # { ISPRS Workshop on 3D Virtual City Modeling},
  Year                     = {2013},

  Owner                    = {soumya},
  Timestamp                = {2015.05.25}
}

@InProceedings{tuia2015tobe,
  Title                    = {To be or not to be convex? A study on regularization in hyperspectral image classification},
  Author                   = {D. Tuia and R. Flamary and M. Barlaud},
  Booktitle                = PROC # { } # IGARSS,
  Year                     = {2015},

  Owner                    = {soumya},
  Timestamp                = {2015.05.21}
}

@InProceedings{tuia2015multitemporal,
  Title                    = {Multitemporal classification without new labels: a solution with optimal transport},
  Author                   = {D. Tuia and R. Flamary and A. Rakotomamonjy and N. Courty},
  Booktitle                = PROC # { International Workshop on the Analysis of Multitemporal Remote Sensing Images (Multitemp)},
  Year                     = {2015},

  Owner                    = {soumya},
  Timestamp                = {2015.05.22}
}

@Article{cloud_fraction,
  Title                    = {Retrieving cloud fraction in the field-of-view of a high-spectral resolution infrared radiometer},
  Author                   = {D.D. Turner and R.E. Holz},
  Journal                  = GRSL,
  Year                     = {2005},

  Month                    = {July},
  Number                   = {3},
  Pages                    = {287 - 291},
  Volume                   = {2},

  Owner                    = {soumya},
  Timestamp                = {2015.05.20}
}

@Article{LF,
  Title                    = {Local Invariant Feature Detectors: A Survey},
  Author                   = {T. Tuytelaars and K. Mikolajczyk},
  Journal                  = {Found. Trends. Comput. Graph. Vis.},
  Year                     = {2008},

  Month                    = {July},
  Number                   = {3},
  Pages                    = {177-280},
  Volume                   = {3},

  Owner                    = {soumya},
  Timestamp                = {2015.05.25}
}

@InProceedings{Vargas2015,
  Title                    = {Contextual Superpixel Description for Remote Sensing Image Classification},
  Author                   = {J. Vargas and A. X. Falc\~{a}o and J. A. dos Santos and J. C. Esquerdo and A. Coutinho and J. F. Antunes},
  Booktitle                = PROC # { } # IGARSS,
  Year                     = {2015},

  Owner                    = {soumya},
  Timestamp                = {2015.05.23}
}

@Article{varma_ziss2005,
  Title                    = {A Statistical Approach to Texture Classification from Single Images},
  Author                   = {M. Varma and A. Zisserman},
  Journal                  = IJCV,
  Year                     = {2005},

  Month                    = {April-May},
  Number                   = {1-2},
  Pages                    = {61--81},
  Volume                   = {62},

  Owner                    = {soumya},
  Timestamp                = {2015.05.15}
}

@Article{NCA_hyper,
  Title                    = {Classification of hyperspectral remote-sensing images using discriminative linear projections},
  Author                   = {L. Weizman and J. Goldberger},
  Journal                  = {International Journal of Remote Sensing},
  Year                     = {2009},

  Month                    = {October},
  Number                   = {21},
  Pages                    = {5605-5617},
  Volume                   = {30},

  Owner                    = {soumya},
  Timestamp                = {2015.05.23}
}

@InProceedings{weiz_IGARSS,
  Title                    = {A classification-based linear projection of labeled hyperspectral data},
  Author                   = {L. Weizman and J. Goldberger},
  Booktitle                = PROC # { } # IGARSS,
  Year                     = {2007},

  Owner                    = {soumya},
  Timestamp                = {2015.05.23}
}

@Article{Weszka76,
  Title                    = {A Comparative Study of Texture Measures for Terrain Classification},
  Author                   = {J. S. Weszka and C. R. Dyer and A. Rosenfeld},
  Journal                  = {IEEE Transactions on Systems, Man, and Cybernetics},
  Year                     = {1976},

  Month                    = APR,
  Number                   = {4},
  Pages                    = {269-285},
  Volume                   = {SMC-6},

  Owner                    = {soumya},
  Timestamp                = {2016.08.14}
}

@InCollection{Wu2012,
  Title                    = {A Remote Sensing Image Matching Algorithm Based on the Feature Extraction},
  Author                   = {C. Wu and C. Song and D. Chen and X. Yu},
  Booktitle                = {Advances in Neural Networks},
  Publisher                = {Springer Berlin Heidelberg},
  Year                     = {2012},
  Pages                    = {282-289},
  Series                   = {Lecture Notes in Computer Science},
  Volume                   = {7368},

  Owner                    = {soumya},
  Timestamp                = {2015.05.24}
}

@Article{Wu92,
  Title                    = {Texture features for classification of ultrasonic liver images},
  Author                   = {C.-M. Wu and Y.-C. Chen and K.-S. Hsieh},
  Journal                  = {IEEE Transactions on Medical Imaging},
  Year                     = {1992},

  Month                    = JUN,
  Number                   = {2},
  Pages                    = {141-152},
  Volume                   = {11},

  Owner                    = {soumya},
  Timestamp                = {2016.08.14}
}

@Article{Wu15SIFT,
  Title                    = {Ground-based Vision Cloud Image Classification based on Extreme Learning Machine},
  Author                   = {Z. Wu and X. Xu and M. Xia and M. Ma and L. Li},
  Journal                  = {The Open Cybernetics \& Systemics Journal},
  Year                     = {2015},
  Month                    = NOV,
  Pages                    = {2877--2885},
  Volume                   = {9},

  Owner                    = {soumya},
  Timestamp                = {2016.08.14}
}

@InProceedings{Yang2009,
  Title                    = {Image Edge Detecting Based on Gap Statistic Model and Relative Entropy},
  Author                   = {Q. Yang and L. Tang and W. Dong and Y. Sun},
  Booktitle                = {Proc. 4th International Conference on Fuzzy Systems and Knowledge Discovery},
  Year                     = {2009},

  Owner                    = {soumya},
  Timestamp                = {2014.11.07}
}

@Article{site_diversity,
  Title                    = {Performance of Site Diversity Investigated Through {RADAR} Derived Results},
  Author                   = {J. X. Yeo and Y. H. Lee and J. T. Ong},
  Journal                  = T-AP,
  Year                     = {2011},

  Month                    = OCT,
  Number                   = {10},
  Pages                    = {3890--3898},
  Volume                   = {59},

  Doi                      = {},
  ISSN                     = {0018-926X},
  Keywords                 = {meteorological radar;satellite communication;Earth}
}

@Article{Ying2014,
  Title                    = {An Automatic Registration Method for {AVHRR} Remote Sensing Images},
  Author                   = {X. Ying and Z. Linjun and L. Xiaobo and Y. B. Hae},
  Journal                  = {International Journal of Multimedia \& Ubiquitous Engineering},
  Year                     = {2014},
  Number                   = {8},
  Pages                    = {355-366},
  Volume                   = {9},

  Owner                    = {soumya},
  Timestamp                = {2015.05.24}
}

@InProceedings{cloud_model_compare,
  Title                    = {Comparison of Cloud Models for Propagation Studies in {Ka-band} Satellite Applications},
  Author                   = {F. Yuan and Y. H. Lee and Y. S. Meng},
  Booktitle                = PROC # { IEEE International Symposium on Antennas and Propagation},
  Year                     = {2014},
  Pages                    = {383--384},

  Owner                    = {soumya},
  Timestamp                = {2015.05.16}
}

@InProceedings{radiosonde2014,
  Title                    = {Comparison of radio-sounding profiles for cloud attenuation analysis in the tropical region},
  Author                   = {F. Yuan and Y. H. Lee and Y. S. Meng},
  Booktitle                = {Proc. IEEE International Symposium on Antennas and Propagation},
  Year                     = {2014},
  Pages                    = {259--260},

  Owner                    = {soumya},
  Timestamp                = {2014.12.12}
}

@Article{Zank80,
  Title                    = {Sea surface winds derived from cloud motion vectors over the tropical {Atlantic}},
  Author                   = {S. Zank},
  Journal                  = {Boundary-Layer Meteorology},
  Year                     = {1980},

  Month                    = SEP,
  Number                   = {2},
  Pages                    = {223--233},
  Volume                   = {19},

  Owner                    = {soumya},
  Timestamp                = {2015.12.16}
}

@Article{orograph2007,
  Title                    = {A Stereo Photogrammetric Technique Applied to Orographic Convection},
  Author                   = {J. A. Zehnder and J. Hu and A. Razdan},
  Journal                  = {Monthly Weather Review},
  Year                     = {2007},

  Month                    = JUN,
  Number                   = {6},
  Pages                    = {2265--2277},
  Volume                   = {135},

  Owner                    = {soumya},
  Timestamp                = {2015.12.16}
}

@InProceedings{Zhang2012,
  Title                    = {Super pixel based remote sensing image classification with histogram descriptors on spectral and spatial data},
  Author                   = {G. Zhang and X. Jia and N.M. Kwok},
  Booktitle                = PROC # { } # IGARSS,
  Year                     = {2012},

  Owner                    = {soumya},
  Timestamp                = {2015.05.23}
}

@InProceedings{Zhang2009,
  Title                    = {Estimating the Image Segmentation Number via the Entropy Gap Statistic},
  Author                   = {Z.-J. Zhang and Y.-Q. Zhu},
  Booktitle                = {Proc. 2nd International Conference on Information and Computing Science},
  Year                     = {2009},

  Owner                    = {soumya},
  Timestamp                = {2014.11.07}
}

@InCollection{CLAHE,
  Title                    = {Graphics Gems {IV}},
  Author                   = {Zuiderveld, K.},
  Publisher                = {Academic Press Professional, Inc.},
  Year                     = {1994},
  Pages                    = {474-485},

  Owner                    = {soumya},
  Timestamp                = {2016.02.28}
}

@Article{met_app,
  Title                    = {Multifeature texture analysis for the classification of clouds in satellite imagery},
  Author                   = {C. I. Christodoulou and S. C. Michaelides and C. S. Pattichis},
  Journal                  = T-GRS,
  Year                     = {2003},

  Month                    = NOV,
  Number                   = {11},
  Pages                    = {2662-2668},
  Volume                   = {41}
}

@Article{contra,
  Title                    = {Automatic contrail detection and segmentation},
  Author                   = {J.M. Weiss and S.A. Christopher and R.M. Welch},
  Journal                  = T-GRS,
  Year                     = {1998},

  Month                    = SEP,
  Number                   = {5},
  Pages                    = {1609-1619},
  Volume                   = {36}
}

@Article{SP_estimate,
  Title                    = {On the Use of a Cluster Ensemble Cloud Classification Technique in Satellite Precipitation Estimation},
  Author                   = {M. Mahrooghy and N.H. Younan and V.G. Anantharaj and J. Aanstoos and S. Yarahmadian},
  Journal                  = {IEEE Journal of Selected Topics in Applied Earth Observations and Remote Sensing},
  Year                     = {2012},

  Month                    = OCT,
  Number                   = {5},
  Pages                    = {1356-1363},
  Volume                   = {5}
}

@Article{nowcast,
  Title                    = {Unsupervised segmentation of low clouds from infrared {METEOSAT} images based on a contextual spatio-temporal labeling approach},
  Author                   = {C. Papin and P. Bouthemy and G. Rochard},
  Journal                  = T-GRS,
  Year                     = {2002},

  Month                    = JAN,
  Number                   = {1},
  Pages                    = {104-114},
  Volume                   = {40}
}

@Article{PALSAR,
  Title                    = {Comparative Assessment of Supervised Classifiers for Land Use-Land Cover Classification in a Tropical Region Using Time-Series {PALSAR} Mosaic Data},
  Author                   = {T. Shiraishi and T. Motohka and R.B. Thapa and M. Watanabe and M. Shimada},
  Journal                  = JSTARS,
  Year                     = {2014},

  Month                    = APR,
  Number                   = {4},
  Pages                    = {1186-1199},
  Volume                   = {7}
}

@Article{sat_reg,
  Title                    = {Robust Registration of Cloudy Satellite Images Using Two-Step Segmentation},
  Author                   = {I-H. Lee and M.T. Mahmood},
  Journal                  = GRSL,
  Year                     = {2015},

  Month                    = MAY,
  Number                   = {5},
  Pages                    = {1121-1125},
  Volume                   = {12}
}

@Article{air1,
  Title                    = {Cloud Detection of {RGB} Color Aerial Photographs by Progressive Refinement Scheme},
  Author                   = {Q. Zhang and C. Xiao},
  Journal                  = T-GRS,
  Year                     = {2014},

  Month                    = NOV,
  Number                   = {11},
  Pages                    = {7264-7275},
  Volume                   = {52}
}

@Article{LIDAR1,
  Title                    = {Multiscale Grid Method for Detection and Reconstruction of Building Roofs from Airborne {LiDAR} Data},
  Author                   = {Y. Chen and L. Cheng and M. Li and J. Wang and L. Tong and K. Yang},
  Journal                  = JSTARS,
  Year                     = {2014},

  Month                    = OCT,
  Number                   = {10},
  Pages                    = {4081-4094},
  Volume                   = {7}
}

@Article{wrapper_Jain,
  Title                    = {A wrapper-based approach to image segmentation and classification},
  Author                   = {Farmer, M. E. and Jain, A. K.},
  Journal                  = T-IP,
  Year                     = {2005},

  Month                    = DEC,
  Number                   = {12},
  Pages                    = {2060-2072},
  Volume                   = {14}
}

@Article{ROC_main,
  Title                    = {An introduction to {ROC} analysis},
  Author                   = {T. Fawcett},
  Journal                  = {Pattern Recognition Letters},
  Year                     = {2006},

  Month                    = JUN,
  Number                   = {8},
  Pages                    = {861 - 874},
  Volume                   = {27}
}

@Article{microarray-ROC,
  Title                    = {Selecting features in microarray classification using {ROC} curves},
  Author                   = {H. Mamitsuka},
  Journal                  = {Pattern Recognition},
  Year                     = {2006},

  Month                    = DEC,
  Number                   = {12},
  Pages                    = {2393 - 2404},
  Volume                   = {39},

  Owner                    = {soumya},
  Timestamp                = {2015.07.27}
}

@Article{SIMPLS,
  Title                    = {{SIMPLS}: An alternative approach to partial least squares regression},
  Author                   = {de Jong, S.},
  Journal                  = {Chemometrics and Intelligent Laboratory Systems},
  Year                     = {1993},

  Month                    = MAR,
  Number                   = {3},
  Pages                    = {251--263},
  Volume                   = {18},

  Doi                      = {10.1016/0169-7439(93)85002-X},
  File                     = {:media/soumya/Research/LITERATURE/Multivariate\_analysis/SIMPLS.pdf:pdf},
  ISSN                     = {01697439},
  Url                      = {http://linkinghub.elsevier.com/retrieve/pii/016974399385002X}
}

@Article{Manne1987,
  Title                    = {Analysis of two partial-least-squares algorithms for multivariate calibration},
  Author                   = {Manne, R.},
  Journal                  = {Chemometrics and Intelligent Laboratory Systems},
  Year                     = {1987},

  Month                    = AUG,
  Number                   = {1-3},
  Pages                    = {187--197},
  Volume                   = {2},

  Doi                      = {10.1016/0169-7439(87)80096-5},
  File                     = {:media/soumya/Research/LITERATURE/Multivariate\_analysis/Analysis of Two Partial-least-Squares Algorithms for Multivariate Calibration.pdf:pdf},
  ISSN                     = {01697439},
  Url                      = {http://linkinghub.elsevier.com/retrieve/pii/0169743987800965}
}

@InProceedings{DBSCAN,
  Title                    = {A density-based algorithm for discovering clusters in large spatial databases with noise},
  Author                   = {M. Ester and H-P. Kriegel and J. Sander and X. Xu},
  Booktitle                = PROC # { Second International Conference on Knowledge Discovery and Data Mining},
  Year                     = {1996},
  Pages                    = {226--231},

  Owner                    = {soumya},
  Timestamp                = {2015.12.08}
}

@Article{LBP_PAMI,
  Title                    = {Multiresolution gray-scale and rotation invariant texture classification with local binary patterns},
  Author                   = {T. Ojala and M. Pietikainen and T. Maenpaa},
  Journal                  = T-PAMI,
  Year                     = {2002},

  Month                    = JUL,
  Number                   = {7},
  Pages                    = {971-987},
  Volume                   = {24}
}

@InProceedings{colorhist-CVPR,
  Title                    = {Anatomy of a color histogram},
  Author                   = {C. L. Novak and S. A. Shafer},
  Booktitle                = PROC # { } # CVPR,
  Year                     = {1992},
  Pages                    = {599-605},

  Owner                    = {soumya},
  Timestamp                = {2015.05.22}
}

@Article{BOW-cloud,
  Title                    = {Bag-of-Words and Object-Based Classification for Cloud Extraction From Satellite Imagery},
  Author                   = {Y. Yuan and X. Hu},
  Journal                  = {IEEE Journal of Selected Topics in Applied Earth Observations and Remote Sensing},
  Year                     = {2015},

  Month                    = AUG,
  Number                   = {8},
  Pages                    = {4197 - 4205},
  Volume                   = {8},

  Owner                    = {soumya},
  Timestamp                = {2015.07.27}
}

@Article{GammaDrop,
  Title                    = {Truncated Gamma Drop Size Distribution Models for Rain Attenuation in Singapore},
  Author                   = {L. S. Kumar and Y. H. Lee and J. T. Ong},
  Journal                  = T-AP,
  Year                     = {2010},

  Month                    = APR,
  Number                   = {4},
  Pages                    = {1325--1335},
  Volume                   = {58},

  Owner                    = {soumya},
  Timestamp                = {2015.07.27}
}

@Article{HUOJuan,
  Title                    = {Calibration and validation of an all-sky imager},
  Author                   = {H. Juan and L. Da-Ren},
  Journal                  = {Atmospheric and Oceanic Science Letters},
  Year                     = {2009},

  Month                    = JUL,
  Number                   = {4},
  Pages                    = {220--223},
  Volume                   = {2},

  Owner                    = {soumya},
  Timestamp                = {2015.07.27}
}

@Article{shah1996intrinsic,
  Title                    = {Intrinsic parameter calibration procedure for a (high-distortion) fish-eye lens camera with distortion model and accuracy estimation},
  Author                   = {S. Shah and J. K. Aggarwal},
  Journal                  = PC,
  Year                     = {1996},

  Month                    = NOV,
  Number                   = {11},
  Pages                    = {1775--1788},
  Volume                   = {29},

  Owner                    = {soumya},
  Timestamp                = {2015.07.27}
}

@InProceedings{bakstein2002panoramic,
  Title                    = {Panoramic mosaicing with a 180 field of view lens},
  Author                   = {H. Bakstein and T. Pajdla},
  Booktitle                = {Proc. Third Workshop on Omnidirectional Vision},
  Year                     = {2002},
  Pages                    = {60--67}
}

@InProceedings{sturm2004generic,
  Title                    = {A generic concept for camera calibration},
  Author                   = {P. Sturm and S. Ramalingam},
  Booktitle                = PROC # { } # ECCV,
  Year                     = {2004},
  Pages                    = {1--13}
}

@InProceedings{Kannala_calib,
  Title                    = {A generic camera calibration method for fish-eye lenses},
  Author                   = {J. Kannala and S. Brandt},
  Booktitle                = PROC # { } # ICPR,
  Year                     = {2004},
  Pages                    = {10--13}
}

@InProceedings{scaramuzza2006toolbox,
  Title                    = {A toolbox for easily calibrating omnidirectional cameras},
  Author                   = {D. Scaramuzza and A. Martinelli and R. Siegwart},
  Booktitle                = {Proc. IEEE/RSJ International Conference on Intelligent Robots and Systems},
  Year                     = {2006},
  Pages                    = {5695--5701}
}

@Article{SPA,
  Title                    = {Solar position algorithm for solar radiation applications},
  Author                   = {I. Reda and A. Andreas },
  Journal                  = {Solar energy},
  Year                     = {2004},

  Month                    = {},
  Number                   = {5},
  Pages                    = {577--589},
  Volume                   = {76},

  Owner                    = {soumya},
  Timestamp                = {2015.07.27}
}

@InProceedings{schaul2009color,
  Title                    = {Color image dehazing using the near-infrared},
  Author                   = {L. Schaul and C. Fredembach and S. S{\"u}sstrunk},
  Booktitle                = PROC # { } # ICIP,
  Year                     = {2009},
  Pages                    = {1629-1632}
}

@Article{pearson,
  Title                    = {Bimodality revisited},
  Author                   = {T. R. Knapp},
  Journal                  = {Journal of Modern Applied Statistical Methods},
  Year                     = {2007},

  Month                    = {},
  Number                   = {1},
  Pages                    = {3},
  Volume                   = {6},

  Owner                    = {soumya},
  Timestamp                = {2015.07.27}
}

@Article{Bezdek,
  Title                    = {{FCM}: The fuzzy c-means clustering algorithm},
  Author                   = {J. C. Bezdek and R. Ehrlich and W. Full},
  Journal                  = {Computers \& Geosciences},
  Year                     = {1984},

  Month                    = {},
  Number                   = {2-3},
  Pages                    = {191--203},
  Volume                   = {10},

  Owner                    = {soumya},
  Timestamp                = {2015.07.27}
}

@Article{Jawahar,
  Title                    = {Investigations on fuzzy thresholding based on fuzzy clustering},
  Author                   = {C. V. Jawahar and P. K. Biswas and A. K. Ray},
  Journal                  = PC,
  Year                     = {1997},

  Month                    = OCT,
  Number                   = {10},
  Pages                    = {1605-1613},
  Volume                   = {30},

  Owner                    = {soumya},
  Timestamp                = {2015.07.27}
}

@Article{InfoTheory_TGRS,
  Title                    = {Clustering-based hyperspectral band selection using information measures},
  Author                   = {A.~Mart{\'i}nez-Us{\'o} and F.~Pla and J.~M. Sotoca and P.~Garc{\'i}a-Sevilla},
  Journal                  = T-GRS,
  Year                     = {2007},

  Month                    = DEC,
  Number                   = {12},
  Pages                    = {4158--4171},
  Volume                   = {45},

  Owner                    = {soumya},
  Timestamp                = {2015.07.27}
}

@Article{HelioClim2014,
  Title                    = {The {HelioClim-1} Database of Daily Solar Radiation at Earth Surface: An Example of the Benefits of GEOSS Data-CORE},
  Author                   = {M. Lef\`{e}vre and P. Blanc and B. Espinar and B. Gschwind and L. M\'{e}nard and T. Ranchin and L. Wald and L. Saboret and C. Thomas and E. Wey},
  Journal                  = JSTARS,
  Year                     = {2014},

  Month                    = MAY,
  Number                   = {5},
  Pages                    = {1745--1753},
  Volume                   = {7},

  Owner                    = {soumya},
  Timestamp                = {2016.08.14}
}

@Article{SEVIRI2016,
  Title                    = {The Generalized Additive Model for the Assessment of the Direct, Diffuse, and Global Solar Irradiances Using {SEVIRI} Images, With Application to the {UAE}},
  Author                   = {T. B. M. J. Ouarda and C. Charron and P. R. Marpu and F. Chebana},
  Journal                  = {IEEE Journal of Selected Topics in Applied Earth Observations and Remote Sensing},
  Year                     = {2016},

  Month                    = APR,
  Number                   = {4},
  Pages                    = {1553--1566},
  Volume                   = {9},

  Owner                    = {soumya},
  Timestamp                = {2016.08.14}
}

@Article{solar_PV,
  Title                    = {Irradiance Forecasting for the Power Prediction of Grid-Connected Photovoltaic Systems},
  Author                   = {E. Lorenz and J. Hurka and D. Heinemann and H. G. Beyer},
  Journal                  = JSTARS,
  Year                     = {2009},

  Month                    = MAR,
  Number                   = {1},
  Pages                    = {2--10},
  Volume                   = {2},

  Owner                    = {soumya},
  Timestamp                = {2016.08.14}
}

@Article{dazhi2012estimation,
  Title                    = {The estimation of clear sky global horizontal irradiance at the equator},
  Author                   = {D. Yang and P. Jirutitijaroen and W. M. Walsh},
  Journal                  = {Energy Procedia},
  Year                     = {2012},

  Month                    = DEC,
  Number                   = {},
  Pages                    = {141--148},
  Volume                   = {25},

  Owner                    = {soumya},
  Timestamp                = {2015.05.28}
}

@InProceedings{IGARSS16_calib,
  Title                    = {Geo-referencing and stereo calibration of ground-based whole sky imagers using the sun trajectory},
  Author                   = {F. M. Savoy and S. Dev and Y. H. Lee and S. Winkler},
  Booktitle                = PROC # { } # IGARSS,
  Year                     = {2016},
  Pages                    = {7473-7476},

  Owner                    = {soumya},
  Timestamp                = {2015.05.22}
}

@Book{Poynton03,
  Title                    = {Digital Video and {HDTV} Algorithms and Interfaces},
  Author                   = {C. Poynton},
  Publisher                = {Morgan Kaufmann Publishers Inc.},
  Year                     = {2003},

  Owner                    = {soumya},
  Timestamp                = {2015.12.29}
}

@Article{hiscocks2011measuring,
  Title                    = {Measuring Luminance with a digital camera},
  Author                   = {P. D. Hiscocks and P. Eng},
  Journal                  = {Syscomp Electronic Design Limited},
  Year                     = {2011},

  Month                    = {},
  Number                   = {},
  Pages                    = {},
  Volume                   = {},

  Owner                    = {soumya},
  Timestamp                = {2016.08.14}
}

@Article{HSmodel,
  Title                    = {Reference crop evapotranspiration from temperature},
  Author                   = {G. H. Hargreaves and Z. A. Samani},
  Journal                  = {Applied engineering in agriculture},
  Year                     = {1985},

  Month                    = JAN,
  Number                   = {2},
  Pages                    = {96--99},
  Volume                   = {1},

  Owner                    = {soumya},
  Timestamp                = {2016.08.14}
}

@InProceedings{DCmodel,
  Title                    = {A simple model to estimate global solar radiation},
  Author                   = {M. Donatelli and G. S. Campbell},
  Booktitle                = {Proc. 5th European society of agronomy congress},
  Year                     = {1998},
  Pages                    = {133--134},

  Owner                    = {soumya},
  Timestamp                = {2014.12.12}
}

@Article{BCmodel,
  Title                    = {On the relationship between incoming solar radiation and daily maximum and minimum temperature},
  Author                   = {K. L. Bristow and G. S. Campbell},
  Journal                  = {Agricultural and forest meteorology},
  Year                     = {1984},

  Month                    = MAY,
  Number                   = {2},
  Pages                    = {159--166},
  Volume                   = {31},

  Owner                    = {soumya},
  Timestamp                = {2016.08.14}
}

@Article{Huntmodel,
  Title                    = {Estimation of solar radiation for use in crop modelling},
  Author                   = {L. A. Hunt and L. Kuchar and C. J. Swanton},
  Journal                  = {Agricultural and Forest Meteorology},
  Year                     = {1998},

  Month                    = JUN,
  Number                   = {3},
  Pages                    = {293--300},
  Volume                   = {91},

  Owner                    = {soumya},
  Timestamp                = {2016.08.14}
}

@incollection{fleet2006optical,
  title={Optical flow estimation},
  author={Fleet, D. and Weiss, Y.},
  booktitle={Handbook of mathematical models in computer vision},
  pages={237--257},
  year={2006},
  publisher={Springer}
}

@Article{horn1981determining,
  Title                    = {Determining optical flow},
  Author                   = {B. K. P. Horn and B. G. Schunck},
  Journal                  = {Artificial Intelligence},
  Year                     = {1981},
  Month                    = AUG,
  Number                   = {1},
  Pages                    = {185--203},
  Volume                   = {17},
  Owner                    = {},
  Timestamp                = {}
}

@inproceedings{lucas1981iterative,
  title={An iterative image registration technique with an application to stereo vision.},
  author={Lucas, B. D. and Kanade, T.},
  booktitle={Proc. 7th International Joint Conference on Artificial Intelligence (IJCAI)},
  volume = 2,
  pages={674--679},
  year={1981}
}

@phdthesis{liu2009beyond,
  title={Beyond Pixels: Exploring New Representations and Applications for Motion Analysis},
  author={Liu, C.},
  year={2009},
  school={Massachusetts Institute of Technology (MIT)}
}

@article{bruhn2005lucas,
  title={{Lucas/Kanade} meets {Horn/Schunck}: Combining local and global optic flow methods},
  author={Bruhn, A. and Weickert, J. and Schn{\"o}rr, C.},
  journal=IJCV,
  volume={61},
  number={3},
  pages={211--231},
  year={2005},
  publisher={Springer}
}

@TechReport{SHARP,
  Title                    = {Consistent and optimal triangulation: Analysis and algorithms},
  Author                   = {A. Ghasemi and A. J. Scholefield and M. Vetterli},
  Institution              = {Institute of Electrical and Electronics Engineers},
  Year                     = {2016},

  Owner                    = {soumya},
  Timestamp                = {2015.05.15}
}

@InProceedings{vedula1999three,
  Title                    = {Three-dimensional scene flow},
  Author                   = {S. Vedula and S. Baker and P. Rander and R. Collins and T. Kanade},
  Booktitle                = PROC # { } # ICCV,
  Year                     = {1999}
}

@InProceedings{cech,
  Title                    = {Scene flow estimation by growing correspondence seeds},
  Author                   = {J. Cech and J. Sanchez-Riera and R. Horaud},
  Booktitle                = PROC # { } # CVPR,
  Year                     = {2011},

  Doi                      = {10.1109/CVPR.2011.5995442},
  ISSN                     = {1063-6919},
  Keywords                 = {image sequences;stereo image processing;3D scene flow estimation;3D velocity vector;correspondence seed growing algorithm;disparity map;image pair sequence;optical flow maps;scene flow;search space reduction;spatiotemporal stereo;temporally-coherent stereo disparity;variational optical;Adaptive optics;Cameras;Correlation;Image color analysis;Noise;Optical imaging;Three dimensional displays}
}

@Article{NASA-cloud,
  Title                    = {A Comparison of Cloud Cover Statistics from the {GLAS Lidar} with {HIRS}},
  Author                   = {D. Wylie and E. Eloranta and J. D. Spinhirne and S. P. Palm},
  Journal                  = {Journal of Climate},
  Year                     = {2007},

  Month                    = OCT,
  Number                   = {19},
  Pages                    = {4968--4981},
  Volume                   = {20}
}

@TechReport{TSI880,
  Title                    = {Total Sky Imager ({TSI}) Model 880 Status and Testing Results},
  Author                   = {C. N. Long and D. W. Slater and T. Tooman},
  Institution              = {Atmospheric Radiation Measurement (ARM)},
  Year                     = {2001},
  number = {DOE/SC-ARM/TR-006},
  
  Owner                    = {soumya},
  Timestamp                = {2015.05.15}
}

@Article{LiuGC2015,
  Title                    = {Ground-Based Cloud Detection Using Automatic Graph Cut},
  Author                   = {S. Liu and Z. Zhang and B. Xiao and X. Cao},
  Journal                  = GRSL,
  Year                     = {2015},

  Month                    = JUN,
  Number                   = {6},
  Pages                    = {1342-1346},
  Volume                   = {12}
}

@Article{Liu2013,
  Title                    = {Salient local binary pattern for ground-based cloud classification},
  Author                   = {S. Liu and C. Wang and B. Xiao and Z. Zhang and Y. Shao},
  Journal                  = {Acta Meteorologica Sinica},
  Year                     = {2013},

  Month                    = APR,
  Number                   = {2},
  Pages                    = {211--220},
  Volume                   = {27}
}

@InBook{Zhang2016,
  Title                    = {Ground-Based Cloud Classification Using Pyramid Salient {LBP}},
  Author                   = {Zhang, Z. and Zhang, Y. and Liu, S.},
  Editor                   = {Liang, Q.},
  Pages                    = {595--601},
  Publisher                = {Springer Berlin Heidelberg},
  Year                     = {2016},

  Owner                    = {soumya},
  Timestamp                = {2016.12.10}
}

@TechReport{Farahmand2014,
  Title                    = {A vantage from space can detect earlier drought onset: An approach using relative humidity},
  Author                   = {A. Farahmand and A. AghaKouchak and J. Teixeira},
  Institution              = {Nature Scientific Reports},
  Year                     = {2015},

  Owner                    = {soumya},
  Timestamp                = {2015.05.15}
}

@Article{TRMM2002,
  Title                    = {Characteristics of the Mirror Image of Precipitation Observed by the {TRMM} Precipitation Radar},
  Author                   = {J.  Li  and  K.  Nakamura},
  Journal                  = JAOT,
  Year                     = {2002},

  Month                    = FEB,
  Number                   = {2},
  Pages                    = {145-158},
  Volume                   = {19},

  Owner                    = {soumya},
  Timestamp                = {2015.12.16}
}

@Article{Nou2015,
  Title                    = {Clear-sky Irradiance Model for Real-time Sky Imager Application},
  Author                   = {J. Nou and R. Chauvin and S. Thil and J. Eynard and S. Grieu},
  Journal                  = {Energy Procedia},
  Year                     = {2015},
  Month                    = MAY,
  Number                   = {},
  Pages                    = {1999--2008},
  Volume                   = {69},
  Owner                    = {},
  Timestamp                = {}
}

@Article{trackingpioneer,
  Title                    = {Cloud Tracking with Satellite Imagery: From the Pioneering  Work of {Ted Fujita} to the Present},
  Author                   = {W. P. Menzel},
  Journal                  = {Bulletin of the American Meteorological Society},
  Year                     = {2001},
  Month                    = JAN,
  Number                   = {1},
  Pages                    = {33--47},
  Volume                   = {82}
}

@Article{Sieglaff13,
  Title                    = {A Satellite-Based Convective Cloud Object Tracking and Multipurpose Data Fusion Tool with Application to Developing Convection},
  Author                   = {J. M. Sieglaff and D. C. Hartung and W. F. Feltz and L. M. Cronce and V. Lakshmanan},
  Journal                  = JAOT,
  Year                     = {2013},
  Month                    = MAR,
  Number                   = {3},
  Pages                    = {510--525},
  Volume                   = {30}
}

@Article{Porter09,
  Title                    = {Using ground-based stereo cameras to derive cloud-level wind fields},
  Author                   = {J. N. Porter and G. X. Cao},
  Journal                  = OL,
  Year                     = {2009},
  Month                    = AUG,
  Number                   = {16},
  Pages                    = {2384--2386},
  Volume                   = {34},
  Owner                    = {},
  Timestamp                = {}
}

@Article{Chow15,
  Title                    = {Cloud motion and stability estimation for intra-hour solar forecasting},
  Author                   = {C. W. Chow and S. Belongie and J. Kleissl},
  Journal                  = {Solar Energy},
  Year                     = {2015},
  Month                    = MAY,
  Number                   = {},
  Pages                    = {645--655},
  Volume                   = {115},
  Owner                    = {},
  Timestamp                = {}
}

@Article{Chauvin2016,
  Title                    = {Cloud motion estimation using a sky imager},
  Author                   = {R. Chauvin and J. Nou and S. Thil and S. Grieu},
  Journal                  = {AIP Conference Proceedings},
  Year                     = {2016},
  Month                    = MAY,
  Number                   = {1},
  Pages                    = {150003},
  Volume                   = {1734},
  Owner                    = {},
  Timestamp                = {}
}

@Article{Silva2016,
  Title                    = {Ground-based observations of clouds through both an automatic imager and human observation},
  Author                   = { A. A. Silva and M. P. Souza-Echer},
  Journal                  = {Meteorological Applications},
  Year                     = {2016},

  Month                    = JAN,
  Number                   = {1},
  Pages                    = {150--157},
  Volume                   = {23},

  Owner                    = {soumya},
  Timestamp                = {2016.08.14}
}

@Article{Huo2012,
  Title                    = {Comparison of cloud cover from all-sky imager and meteorological observer},
  Author                   = { J. Huo and D. Lu},
  Journal                  = JAOT,
  Year                     = {2012},

  Month                    = AUG,
  Number                   = {8},
  Pages                    = {1093--1101},
  Volume                   = {29},

  Owner                    = {soumya},
  Timestamp                = {2016.08.14}
}

@Article{alonso2015,
  Title                    = {The use of a sky camera for solar radiation estimation based on digital image processing},
  Author                   = {J. Alonso-Montesinos and F. J. Batlles},
  Journal                  = {Energy},
  Year                     = {2015},

  Month                    = OCT,
  Number                   = {},
  Pages                    = {377--386},
  Volume                   = {90, Part 1},

  Owner                    = {soumya},
  Timestamp                = {2016.08.14}
}

@Article{allmen,
  Title                    = {The computation of cloud-base height from paired whole-sky imaging cameras},
  Author                   = {M. C. Allmen and W. P. Kegelmeyer Jr.},
  Journal                  = JAOT,
  Year                     = {1996},

  Month                    = {February},
  Number                   = {1},
  Pages                    = {97-113},
  Volume                   = {13}
}

@Article{seiz,
  Title                    = {Cloud mapping from the ground: Use of photogrammetric methods},
  Author                   = {G. Seiz and E. P. Baltsavias and A. Gruen},
  Journal                  = {Photogrammetric Engineering and Remote Sensing},
  Year                     = {2002},

  Month                    = {September},
  Number                   = {9},
  Pages                    = {941-951},
  Volume                   = {68},

  Publisher                = {ASPRS AMERICAN SOCIETY FOR PHOTOGRAMMETRY AND}
}

@Article{kassianov,
  Title                    = {Cloud-base-height estimation from paired ground-based hemispherical observations},
  Author                   = {E. Kassianov and C. N. Long and J. Christy},
  Journal                  = {Journal of Applied Meteorology},
  Year                     = {2005},

  Month                    = {August},
  Number                   = {8},
  Pages                    = {1221-1233},
  Volume                   = {44}
}

@InProceedings{peng,
  Title                    = {{3D} cloud detection and tracking for solar forecast using multiple sky imagers},
  Author                   = {Z. Peng and S. Yoo and D. Yu and D. Huang and P. Kalb and J. Heiser},
  Booktitle                = PROC # { ACM Symposium on Applied Computing},
  Year                     = {2014}
}

@InProceedings{Huguet07,
  Title                    = {A Variational Method for Scene Flow Estimation from Stereo Sequences},
  Author                   = {F. Huguet and F. Devernay},
  Booktitle                = PROC # { } # ICCV,
  Year                     = {2007},

  Doi                      = {10.1109/ICCV.2007.4409000},
  ISSN                     = {1550-5499},
  Keywords                 = {image matching;image sequences;partial differential equations;stereo image processing;variational techniques;2D optical flow;calibrated stereo image sequence;dense stereo matching;optical flow estimation;partial differential equations system;scene flow estimation;state-of-the-art single-camera optical flow computation method;stereo discontinuities;variational method;Cameras;Data flow computing;Image motion analysis;Image sequences;Layout;Optical computing;Optical coupling;Optimization methods;Partial differential equations;Three dimensional displays}
}

@Article{Li200875,
  Title                    = {Multi-scale {3D} scene flow from binocular stereo sequences},
  Author                   = {R. Li and S. Sclaroff},
  Journal                  = {Computer Vision and Image Understanding},
  Year                     = {2008},

  Month                    = {April},
  Number                   = {1},
  Pages                    = {75-90},
  Volume                   = {110},

  Doi                      = {http://dx.doi.org/10.1016/j.cviu.2007.04.002},
  ISSN                     = {1077-3142},
  Keywords                 = {Scene flow},
  Url                      = {http://www.sciencedirect.com/science/article/pii/S1077314207000768}
}

@Article{GRSL2016,
  Title                    = {Rough-Set-Based Color Channel Selection},
  Author                   = {S. Dev and F. M. Savoy and Y. H. Lee and S. Winkler},
  Journal                  = GRSL,
  Year                     = {2016},

  Month                    = {},
  Number                   = {99},
  Pages                    = {1-5},
  Volume                   = {PP},

  Owner                    = {soumya},
  Timestamp                = {2016.01.25}
}

@InProceedings{near_infrared,
  Title                    = {Colouring the near-infrared},
  Author                   = {Fredembach, C. and S{\"u}sstrunk, S.},
  Booktitle                = {Proc. Color and Imaging Conference},
  Year                     = {2008},
  Pages                    = {176--182},

  Owner                    = {soumya},
  Timestamp                = {2015.05.14}
}

@InProceedings{d2007radiometric,
  Title                    = {Radiometric alignment and vignetting calibration},
  Author                   = {P. d\`{}Angelo},
  Booktitle                = {Proc. Camera Calibration Methods for Computer Vision Systems},
  Year                     = {2007},
  Pages                    = {},

  Owner                    = {soumya},
  Timestamp                = {2015.05.14}
}

@InProceedings{ursi2017,
  Title                    = {Cloud Radiative Effect Study Using Sky Camera},
  Author                   = {S. Dev and S. Manandhar and F. Yuan and Y. H. Lee and S. Winkler},
  Booktitle                = {Proc. IEEE AP-S Symposium on Antennas and Propagation and USNC-URSI Radio Science Meeting},
  Year                     = {2077},
  Pages                    = {},

  Owner                    = {soumya},
  Timestamp                = {2015.05.14}
}