@article{myers1997sky2000,
  title={SKY2000-master star catalog-star catalog database},
  author={Myers, JR and Sande, CB and Miller, AC and Warren Jr, WH and Tracewell, DA},
  journal={Bulletin of the American Astronomical Society},
  volume={191},
  number={128.12},
  year={1997}
}